
@ARTICLE{esmf,
  author={Hill, C. and DeLuca, C. and Balaji and Suarez, M. and Da Silva, A.},
  journal={Computing in Science \& Engineering}, 
  title={The architecture of the Earth System Modeling Framework}, 
  year={2004},
  volume={6},
  number={1},
  pages={18-28},
  keywords={Earth;Atmospheric modeling;Weather forecasting;Predictive models;Oceans;Space technology;Fluid dynamics;NASA;Flexible manufacturing systems;Atmosphere},
  doi={10.1109/MCISE.2004.1255817}}

@Article{ufuk-gmd-2013,
  AUTHOR = {Turuncoglu, U. U. and Giuliani, G. and Elguindi, N. and Giorgi, F.},
  TITLE = {Modelling the Caspian Sea and its catchment area using a coupled regional atmosphere-ocean model (RegCM4-ROMS): model design and preliminary results},
  JOURNAL = {Geoscientific Model Development},
  VOLUME = {6},
  YEAR = {2013},
  NUMBER = {2},
  PAGES = {283--299},
  URL = {https://gmd.copernicus.org/articles/6/283/2013/},
  DOI = {10.5194/gmd-6-283-2013}
}

@Article{ufuk-cd-2017,
  AUTHOR = {Turuncoglu, U. U. and Sannino, G.},
  TITLE = {Validation of newly designed regional earth system model (RegESM) for Mediterranean Basin},
  JOURNAL = {Climate Dynamics},
  VOLUME = {48},
  YEAR = {2017},
  ISSUE = {9},
  PAGES = {2919--2947},
  URL = {https://doi.org/10.1007/s00382-016-3241-1},
  DOI = {10.1007/s00382-016-3241-1}
}

@Article{ufuk-gmd-2019,
  AUTHOR = {Turuncoglu, U. U.},
  TITLE = {Toward modular in situ visualization in Earth system models: the regional modeling system RegESM 1.1},
  JOURNAL = {Geoscientific Model Development},
  VOLUME = {12},
  YEAR = {2019},
  NUMBER = {1},
  PAGES = {233--259},
  URL = {https://gmd.copernicus.org/articles/12/233/2019/},
  DOI = {10.5194/gmd-12-233-2019}
}

@Article{anav-gmd-2021,
  AUTHOR = {Anav, A. and Carillo, A. and Palma, M. and Struglia, M. V. and Turuncoglu, U. U. and Sannino, G.},
  TITLE = {The ENEA-REG system (v1.0), a multi-component regional Earth system model: sensitivity to different atmospheric components over the Med-CORDEX (Coordinated Regional Climate Downscaling Experiment) region},
  JOURNAL = {Geoscientific Model Development},
  VOLUME = {14},
  YEAR = {2021},
  NUMBER = {7},
  PAGES = {4159--4185},
  URL = {https://gmd.copernicus.org/articles/14/4159/2021/},
  DOI = {10.5194/gmd-14-4159-2021}
}

@article {wrf-2017,
  author = "Jordan G. Powers and Joseph B. Klemp and William C. Skamarock and Christopher A. Davis and Jimy Dudhia and David O. Gill and Janice L. Coen and David J. Gochis and Ravan Ahmadov and Steven E. Peckham and Georg A. Grell and John Michalakes and Samuel Trahan and Stanley G. Benjamin and Curtis R. Alexander and Geoffrey J. Dimego and Wei Wang and Craig S. Schwartz and Glen S. Romine and Zhiquan Liu and Chris Snyder and Fei Chen and Michael J. Barlage and Wei Yu and Michael G. Duda",
  title = "The Weather Research and Forecasting Model: Overview, System Efforts, and Future Directions",
  journal = "Bulletin of the American Meteorological Society",
  year = "2017",
  publisher = "American Meteorological Society",
  address = "Boston MA, USA",
  volume = "98",
  number = "8",
  doi = "10.1175/BAMS-D-15-00308.1",
  pages=      "1717 - 1737",
  url = "https://journals.ametsoc.org/view/journals/bams/98/8/bams-d-15-00308.1.xml"
}

@article{marshall-1997,
author = {Marshall, John and Hill, Chris and Perelman, Lev and Adcroft, Alistair},
title = {Hydrostatic, quasi-hydrostatic, and nonhydrostatic ocean modeling},
journal = {Journal of Geophysical Research: Oceans},
volume = {102},
number = {C3},
pages = {5733-5752},
doi = {https://doi.org/10.1029/96JC02776},
url = {https://agupubs.onlinelibrary.wiley.com/doi/abs/10.1029/96JC02776},
eprint = {https://agupubs.onlinelibrary.wiley.com/doi/pdf/10.1029/96JC02776},
year = {1997}
}

@phdthesis{adcroft-2004,
  author = {A. Adcroft and C. Hill and J-M. Campin and J. Marshall and P. Heimbach},
  title = {Overview of the formulation and numerics of the MIT GCM},
  year = {2004},
  journal = {Seminar on Recent developments in numerical methods for atmospheric and ocean modelling, 6-10 September 2004},
  pages = {139-150},
  month = {September},
  school = {ECMWF Annual Seminar 2004},
  publisher = {ECMWF},
  address = {Shinfield Park, Reading},
  language = {eng},
}

@article{hagemann-1997,
  author = {Hagemann, S. and Dümenil, L.},
  title = {A parametrization of the lateral waterflow for the global scale},
  year = {1997},
  month = {December},
  journal = {Climate Dynamics},
  volume = {14},
  issue = {1},
  pages = {17--31},
  url = {https://doi.org/10.1007/s003820050205},
  doi = {10.1007/s003820050205}
}

@article {wamdi-1988,
      author = {The Wamdi Group},
      title = {The WAM Model—A Third Generation Ocean Wave Prediction Model},
      journal = "Journal of Physical Oceanography",
      year = "1988",
      publisher = "American Meteorological Society",
      address = "Boston MA, USA",
      volume = "18",
      number = "12",
      doi = "10.1175/1520-0485(1988)018<1775:TWMTGO>2.0.CO;2",
      pages=  "1775 - 1810",
      url = "https://journals.ametsoc.org/view/journals/phoc/18/12/1520-0485_1988_018_1775_twmtgo_2_0_co_2.xml"
}

@article{batibeniz-2025,
author = {Batibeniz, Fulden and Önol, Barış and Turuncoglu, Ufuk Utku and Raible, Christoph C.},
title = {Air–sea interaction in medicanes with atmosphere–ocean–wave coupled regional climate simulations},
journal = {Quarterly Journal of the Royal Meteorological Society},
volume = {n/a},
number = {n/a},
year = {2025},
pages = {e5040},
doi = {https://doi.org/10.1002/qj.5040},
url = {https://rmets.onlinelibrary.wiley.com/doi/abs/10.1002/qj.5040},
eprint = {https://rmets.onlinelibrary.wiley.com/doi/pdf/10.1002/qj.5040},
note = {e5040 QJ-24-0076.R3},
}

@ARTICLE{giorgi-2012,
  author = {{Giorgi}, F. and {Coppola}, E. and {Solmon}, F. and {Mariotti}, L. and {Sylla}, MB and {Bi}, X. and {Elguindi}, N. and {Diro}, GT and {Nair}, V. and {Giuliani}, G. and {Turuncoglu}, UU and {Cozzini}, S. and {G{\"u}ttler}, I. and {O'Brien}, TA and {Tawfik}, AB and {Shalaby}, A. and {Zakey}, AS and {Steiner}, AL and {Stordal}, F. and {Sloan}, LC and {Brankovic}, C.},
  title = "{RegCM4: model description and preliminary tests over multiple CORDEX domains}",
  journal = {Climate Research},
  year = 2012,
  month = mar,
  volume = {52},
  pages = {7-29},
  doi = {10.3354/cr01018}
}

@Article{cossarini-gmd-2017,
  AUTHOR = {Cossarini, G. and Querin, S. and Solidoro, C. and Sannino, G. and Lazzari, P. and Di Biagio, V. and Bolzon, G.},
  TITLE = {Development of BFMCOUPLER (v1.0), the coupling scheme that links the MITgcm and BFM models for ocean biogeochemistry simulations},
  JOURNAL = {Geoscientific Model Development},
  VOLUME = {10},
  YEAR = {2017},
  NUMBER = {4},
  PAGES = {1423--1445},
  URL = {https://gmd.copernicus.org/articles/10/1423/2017/},
  DOI = {10.5194/gmd-10-1423-2017}
}

@article{sitz-2017,
  author = {Sitz, L. E. and Di Sante, F. and Farneti, R. and Fuentes-Franco, R. and Coppola, E. and Mariotti, L. and Reale, M. and Sannino, G. and Barreiro, M. and Nogherotto, R. and Giuliani, G. and Graffino, G. and Solidoro, C. and Cossarini, G. and Giorgi, F.},
  title = {Description and evaluation of the Earth System Regional Climate Model (RegCM-ES)},
  journal = {Journal of Advances in Modeling Earth Systems},
  volume = {9},
  number = {4},
  pages = {1863-1886},
  keywords = {air-sea interactions, Regional Earth System Model, Central America, South Atlantic, tropical band, open source},
  doi = {https://doi.org/10.1002/2017MS000933},
  url = {https://agupubs.onlinelibrary.wiley.com/doi/abs/10.1002/2017MS000933},
  eprint = {https://agupubs.onlinelibrary.wiley.com/doi/pdf/10.1002/2017MS000933},
  year = {2017}
}

@article{reale-2020,
  author = {Reale, Marco and Giorgi, Filippo and Solidoro, Cosimo and Di Biagio, Valeria and Di Sante, Fabio and Mariotti, Laura and Farneti, Riccardo and Sannino, Gianmaria},
  title = {The Regional Earth System Model RegCM-ES: Evaluation of the Mediterranean Climate and Marine Biogeochemistry},
  journal = {Journal of Advances in Modeling Earth Systems},
  volume = {12},
  number = {9},
  pages = {e2019MS001812},
  keywords = {regional Earth system model, Mediterranean Sea, net primary production, chlorophyll-a, nutrients, dissolved oxygen},
  doi = {https://doi.org/10.1029/2019MS001812},
  url = {https://agupubs.onlinelibrary.wiley.com/doi/abs/10.1029/2019MS001812},
  eprint = {https://agupubs.onlinelibrary.wiley.com/doi/pdf/10.1029/2019MS001812},
  note = {e2019MS001812 2019MS001812},
  year = {2020}
}

@article{giorgi-2023,
  author = {Giorgi, Filippo and Coppola, Erika and Giuliani, Graziano and Ciarlo`, James M. and Pichelli, Emanuela and Nogherotto, Rita and Raffaele, Francesca and Malguzzi, Piero and Davolio, Silvio and Stocchi, Paolo and Drofa, Oxana},
  title = {The Fifth Generation Regional Climate Modeling System, RegCM5: Description and Illustrative Examples at Parameterized Convection and Convection-Permitting Resolutions},
  journal = {Journal of Geophysical Research: Atmospheres},
  volume = {128},
  number = {6},
  pages = {e2022JD038199},
  keywords = {regional climate model, convection permitting modeling, precipitation, RegCM5},
  doi = {https://doi.org/10.1029/2022JD038199},
  url = {https://agupubs.onlinelibrary.wiley.com/doi/abs/10.1029/2022JD038199},
  eprint = {https://agupubs.onlinelibrary.wiley.com/doi/pdf/10.1029/2022JD038199},
  note = {e2022JD038199 2022JD038199},
  year = {2023}
}

@techreport{oleson-2013,
  author = {Oleson, K. W. and Lawrence, D. M. and Bonan, G. B. and Drewniak, B. and Huang, M. and Koven, C. and al.},
  title = {Technical description of version 4.5 of the Community Land Model (CLM)},
  year = {2013},
  institution = {NCAR},
  number = {NCAR/TN-503+STR},
  url = {https://n2t.org/ark:/85065/d74f1q4q},
  doi = {10.5065/D6RR1W7M}
}

@ARTICLE{coppola-2007,
  author = {{Coppola}, Erika and {Tomassetti}, Barbara and {Mariotti}, Laura and {Verdecchia}, Marco and {Visconti}, Guido},
  title = "{Cellular automata algorithms for drainage network extraction and rainfall data assimilation}",
  journal = {Hydrological Sciences Journal},
  year = 2007,
  month = jun,
  volume = {52},
  number = {3},
  pages = {579-592},
  doi = {10.1623/hysj.52.3.579},
}

@unpublished{somot-2020,
    author = {Somot, S},
    title = {Med-CORDEX phase 2: Common protocol for the baseline runs},
    version = {8},
    year = {2020},
    month = {January},
    url = {https://www.medcordex.eu/Med-CORDEX-2_baseline-runs_protocol.pdf},
    note = {Retrieved on 28 May 2025}
}

@article {giorgi-1989,
  author = "Filippo  Giorgi and Gary T.  Bates",
  title = "The Climatological Skill of a Regional Model over Complex Terrain",
  journal = "Monthly Weather Review",
  year = "1989",
  publisher = "American Meteorological Society",
  address = "Boston MA, USA",
  volume = "117",
  number = "11",
  doi = "10.1175/1520-0493(1989)117<2325:TCSOAR>2.0.CO;2",
  pages=      "2325 - 2347",
  url = "https://journals.ametsoc.org/view/journals/mwre/117/11/1520-0493_1989_117_2325_tcsoar_2_0_co_2.xml"
}

@article {giorgi-1993,
  author = "Filippo  Giorgi and Maria Rosaria  Marinucci and Gary T.  Bates",
  title = "Development of a Second-Generation Regional Climate Model (RegCM2). Part I: Boundary-Layer and Radiative Transfer Processes",
  journal = "Monthly Weather Review",
  year = "1993",
  publisher = "American Meteorological Society",
  address = "Boston MA, USA",
  volume = "121",
  number = "10",
  doi = "10.1175/1520-0493(1993)121<2794:DOASGR>2.0.CO;2",
  pages=      "2794 - 2813",
  url = "https://journals.ametsoc.org/view/journals/mwre/121/10/1520-0493_1993_121_2794_doasgr_2_0_co_2.xml"
}

@article{giorgi-1999,
  author = {Giorgi, Filippo and Shields, Christine},
  title = {Tests of precipitation parameterizations available in latest version of NCAR regional climate model (RegCM) over continental United States},
  journal = {Journal of Geophysical Research: Atmospheres},
  volume = {104},
  number = {D6},
  pages = {6353-6375},
  doi = {https://doi.org/10.1029/98JD01164},
  url = {https://agupubs.onlinelibrary.wiley.com/doi/abs/10.1029/98JD01164},
  eprint = {https://agupubs.onlinelibrary.wiley.com/doi/pdf/10.1029/98JD01164},
  year = {1999}
}

@article { pal-2007,
   author = "Jeremy S. Pal and Filippo Giorgi and Xunqiang Bi and Nellie Elguindi and Fabien Solmon and Xuejie Gao and Sara A. Rauscher and Raquel Francisco and Ashraf Zakey and Jonathan Winter and Moetasim Ashfaq and Faisal S. Syed and Jason L. Bell and Noah S. Diffenbaugh and Jagadish Karmacharya and Abourahamane Konaré and Daniel Martinez and Rosmeri P. da Rocha and Lisa C. Sloan and Allison L. Steiner",
   title = "Regional Climate Modeling for the Developing World: The ICTP RegCM3 and RegCNET",
   journal = "Bulletin of the American Meteorological Society",
   year = "2007",
   publisher = "American Meteorological Society",
   address = "Boston MA, USA",
   volume = "88",
   number = "9",
   doi = "10.1175/BAMS-88-9-1395",
   pages=      "1395 - 1410",
   url = "https://journals.ametsoc.org/view/journals/bams/88/9/bams-88-9-1395.xml"
}

@techreport{dickinson-1993,
  author       = {Dickinson, R E and Henderson-Sellers, A and Kennedy, P J},
  title        = {Biosphere-Atmosphere Transfer Scheme (BATS) version le as coupled to the NCAR community climate model. Technical note. [NCAR (National Center for Atmospheric Research)]},
  institution  = {National Center for Atmospheric Research, Boulder, CO (United States). Scientific Computing Div.},
  url          = {https://www.osti.gov/biblio/5733868},
  place        = {United States},
  year         = {1993},
  month        = {08}
}

@article{holtslag-1989,
      author = "A. A. M.  Holtslag and E. I. F.  De Bruijn and H-L.  Pan",
      title = "A High Resolution Air Mass Transformation Model for Short-Range Weather Forecasting",
      journal = "Monthly Weather Review",
      year = "1990",
      publisher = "American Meteorological Society",
      address = "Boston MA, USA",
      volume = "118",
      number = "8",
      doi = "10.1175/1520-0493(1990)118<1561:AHRAMT>2.0.CO;2",
      pages=      "1561 - 1575",
      url = "https://journals.ametsoc.org/view/journals/mwre/118/8/1520-0493_1990_118_1561_ahramt_2_0_co_2.xml"
}

@article { park-2009,
      author = "Sungsu Park and Christopher S. Bretherton",
      title = "The University of Washington Shallow Convection and Moist Turbulence Schemes and Their Impact on Climate Simulations with the Community Atmosphere Model",
      journal = "Journal of Climate",
      year = "2009",
      publisher = "American Meteorological Society",
      address = "Boston MA, USA",
      volume = "22",
      number = "12",
      doi = "10.1175/2008JCLI2557.1",
      pages=      "3449 - 3469",
      url = "https://journals.ametsoc.org/view/journals/clim/22/12/2008jcli2557.1.xml"
}

@article { emanuel-1991,
      author = "Kerry A.  Emanuel",
      title = "A Scheme for Representing Cumulus Convection in Large-Scale Models",
      journal = "Journal of Atmospheric Sciences",
      year = "1991",
      publisher = "American Meteorological Society",
      address = "Boston MA, USA",
      volume = "48",
      number = "21",
      doi = "10.1175/1520-0469(1991)048<2313:ASFRCC>2.0.CO;2",
      pages=      "2313 - 2329",
      url = "https://journals.ametsoc.org/view/journals/atsc/48/21/1520-0469_1991_048_2313_asfrcc_2_0_co_2.xml"
}

@article { kain-2004,
      author = "John S. Kain",
      title = "The Kain–Fritsch Convective Parameterization: An Update",
      journal = "Journal of Applied Meteorology",
      year = "2004",
      publisher = "American Meteorological Society",
      address = "Boston MA, USA",
      volume = "43",
      number = "1",
      doi = "10.1175/1520-0450(2004)043<0170:TKCPAU>2.0.CO;2",
      pages=      "170 - 181",
      url = "https://journals.ametsoc.org/view/journals/apme/43/1/1520-0450_2004_043_0170_tkcpau_2.0.co_2.xml"
}

@article { tiedtke-1989,
      author = "M.  Tiedtke",
      title = "A Comprehensive Mass Flux Scheme for Cumulus Parameterization in Large-Scale Models",
      journal = "Monthly Weather Review",
      year = "1989",
      publisher = "American Meteorological Society",
      address = "Boston MA, USA",
      volume = "117",
      number = "8",
      doi = "10.1175/1520-0493(1989)117<1779:ACMFSF>2.0.CO;2",
      pages=      "1779 - 1800",
      url = "https://journals.ametsoc.org/view/journals/mwre/117/8/1520-0493_1989_117_1779_acmfsf_2_0_co_2.xml"
}

@article{pal-2000,
author = {Pal, Jeremy S. and Small, Eric E. and Eltahir, Elfatih A. B.},
title = {Simulation of regional-scale water and energy budgets: Representation of subgrid cloud and precipitation processes within RegCM},
journal = {Journal of Geophysical Research: Atmospheres},
volume = {105},
number = {D24},
pages = {29579-29594},
doi = {https://doi.org/10.1029/2000JD900415},
url = {https://agupubs.onlinelibrary.wiley.com/doi/abs/10.1029/2000JD900415},
eprint = {https://agupubs.onlinelibrary.wiley.com/doi/pdf/10.1029/2000JD900415},
year = {2000}
}

@article{lim-2005,
author = {Lim, Jeong-Ock Jade and Hong, Song-You},
title = {Effects of bulk ice microphysics on the simulated monsoonal precipitation over east Asia},
journal = {Journal of Geophysical Research: Atmospheres},
volume = {110},
number = {D24},
pages = {},
keywords = {ice microphysics, precipitation, Asian monsoon},
doi = {https://doi.org/10.1029/2005JD006166},
url = {https://agupubs.onlinelibrary.wiley.com/doi/abs/10.1029/2005JD006166},
eprint = {https://agupubs.onlinelibrary.wiley.com/doi/pdf/10.1029/2005JD006166},
year = {2005}
}

@Article{noto-gmd-2016,
AUTHOR = {Nogherotto, R. and Tompkins, A. M. and Giuliani, G. and Coppola, E. and Giorgi, F.},
TITLE = {Numerical framework and performance of the new multiple-phase cloud microphysics scheme in RegCM4.5: precipitation, cloud microphysics, and cloud radiative effects},
JOURNAL = {Geoscientific Model Development},
VOLUME = {9},
YEAR = {2016},
NUMBER = {7},
PAGES = {2533--2547},
URL = {https://gmd.copernicus.org/articles/9/2533/2016/},
DOI = {10.5194/gmd-9-2533-2016}
}

@techreport{kiehl-1996,
  author = {Kiehl, J. and Hack, J. and Bonan, G. and Boville, B. and Briegleb, B. and Williamson, D. and Rasch, P},
  title = {Description of the NCAR Community Climate Model (CCM3)},
  year = {1996},
  institution = {NCAR},
  number = {NCAR/TN-420+STR},
  url = {https://n2t.org/ark:/85065/d70v8c61},
  doi = {10.5065/D6FF3Q99}
}

@article{iacono-2008,
author = {Iacono, Michael J. and Delamere, Jennifer S. and Mlawer, Eli J. and Shephard, Mark W. and Clough, Shepard A. and Collins, William D.},
title = {Radiative forcing by long-lived greenhouse gases: Calculations with the AER radiative transfer models},
journal = {Journal of Geophysical Research: Atmospheres},
volume = {113},
number = {D13},
pages = {},
keywords = {greenhouse forcing, radiative transfer, climate change},
doi = {https://doi.org/10.1029/2008JD009944},
url = {https://agupubs.onlinelibrary.wiley.com/doi/abs/10.1029/2008JD009944},
eprint = {https://agupubs.onlinelibrary.wiley.com/doi/pdf/10.1029/2008JD009944},
year = {2008}
}

@article{mlawer-1997,
author = {Mlawer, Eli J. and Taubman, Steven J. and Brown, Patrick D. and Iacono, Michael J. and Clough, Shepard A.},
title = {Radiative transfer for inhomogeneous atmospheres: RRTM, a validated correlated-k model for the longwave},
journal = {Journal of Geophysical Research: Atmospheres},
volume = {102},
number = {D14},
pages = {16663-16682},
doi = {https://doi.org/10.1029/97JD00237},
url = {https://agupubs.onlinelibrary.wiley.com/doi/abs/10.1029/97JD00237},
eprint = {https://agupubs.onlinelibrary.wiley.com/doi/pdf/10.1029/97JD00237},
year = {1997}
}

@Article{zakey-2006,
AUTHOR = {Zakey, A. S. and Solmon, F. and Giorgi, F.},
TITLE = {Implementation and testing of a desert dust module in a regional climate model},
JOURNAL = {Atmospheric Chemistry and Physics},
VOLUME = {6},
YEAR = {2006},
NUMBER = {12},
PAGES = {4687--4704},
URL = {https://acp.copernicus.org/articles/6/4687/2006/},
DOI = {10.5194/acp-6-4687-2006}
}

@article{zakey-2008,
author = {Zakey, A. S. and Giorgi, F. and Bi, X.},
title = {Modeling of sea salt in a regional climate model: Fluxes and radiative forcing},
journal = {Journal of Geophysical Research: Atmospheres},
volume = {113},
number = {D14},
pages = {},
keywords = {sea salt, regional climate, optical properties},
doi = {https://doi.org/10.1029/2007JD009209},
url = {https://agupubs.onlinelibrary.wiley.com/doi/abs/10.1029/2007JD009209},
eprint = {https://agupubs.onlinelibrary.wiley.com/doi/pdf/10.1029/2007JD009209},
year = {2008}
}

@Article{shalaby-2012,
AUTHOR = {Shalaby, A. and Zakey, A. S. and Tawfik, A. B. and Solmon, F. and Giorgi, F. and Stordal, F. and Sillman, S. and Zaveri, R. A. and Steiner, A. L.},
TITLE = {Implementation and evaluation of online gas-phase chemistry within a regional climate model (RegCM-CHEM4)},
JOURNAL = {Geoscientific Model Development},
VOLUME = {5},
YEAR = {2012},
NUMBER = {3},
PAGES = {741--760},
URL = {https://gmd.copernicus.org/articles/5/741/2012/},
DOI = {10.5194/gmd-5-741-2012}
}

@article{solmon-2008,
author = {Solmon, Fabien and Mallet, Marc and Elguindi, Nellie and Giorgi, Filippo and Zakey, Ashraf and Konaré, Abdourahamane},
title = {Dust aerosol impact on regional precipitation over western Africa, mechanisms and sensitivity to absorption properties},
journal = {Geophysical Research Letters},
volume = {35},
number = {24},
pages = {},
keywords = {dust, climate, sahel},
doi = {https://doi.org/10.1029/2008GL035900},
url = {https://agupubs.onlinelibrary.wiley.com/doi/abs/10.1029/2008GL035900},
eprint = {https://agupubs.onlinelibrary.wiley.com/doi/pdf/10.1029/2008GL035900},
year = {2008}
}

@techreport{durack-2017,
  author       = {Durack, Paul J. and Taylor, Karl E. and Eyring, Veronika and Ames, Sasha K. and Doutriaux, Charles and Hoang, Tony and Nadeau, Denis and Stockhause, Martina and Gleckler, Peter J.},
  title        = {input4MIPs: Making [CMIP] model forcing more transparent},
  institution  = {Lawrence Livermore National Lab. (LLNL), Livermore, CA (United States)},
  doi          = {10.2172/1463030},
  url          = {https://www.osti.gov/biblio/1463030},
  place        = {United States},
  year         = {2017},
  month        = {04}
}

@article { taylor-2012,
      author = "Karl E. Taylor and Ronald J. Stouffer and Gerald A. Meehl",
      title = "An Overview of CMIP5 and the Experiment Design",
      journal = "Bulletin of the American Meteorological Society",
      year = "2012",
      publisher = "American Meteorological Society",
      address = "Boston MA, USA",
      volume = "93",
      number = "4",
      doi = "10.1175/BAMS-D-11-00094.1",
      pages=      "485 - 498",
      url = "https://journals.ametsoc.org/view/journals/bams/93/4/bams-d-11-00094.1.xml"
}

@Article{eyring-2016,
AUTHOR = {Eyring, V. and Bony, S. and Meehl, G. A. and Senior, C. A. and Stevens, B. and Stouffer, R. J. and Taylor, K. E.},
TITLE = {Overview of the Coupled Model Intercomparison Project Phase 6 (CMIP6)
experimental design and organization},
JOURNAL = {Geoscientific Model Development},
VOLUME = {9},
YEAR = {2016},
NUMBER = {5},
PAGES = {1937--1958},
URL = {https://gmd.copernicus.org/articles/9/1937/2016/},
DOI = {10.5194/gmd-9-1937-2016}
}

@article{hershbach-2020,
author = {Hersbach, Hans and Bell, Bill and Berrisford, Paul and Hirahara, Shoji and Horányi, András and Muñoz-Sabater, Joaquín and Nicolas, Julien and Peubey, Carole and Radu, Raluca and Schepers, Dinand and Simmons, Adrian and Soci, Cornel and Abdalla, Saleh and Abellan, Xavier and Balsamo, Gianpaolo and Bechtold, Peter and Biavati, Gionata and Bidlot, Jean and Bonavita, Massimo and De Chiara, Giovanna and Dahlgren, Per and Dee, Dick and Diamantakis, Michail and Dragani, Rossana and Flemming, Johannes and Forbes, Richard and Fuentes, Manuel and Geer, Alan and Haimberger, Leo and Healy, Sean and Hogan, Robin J. and Hólm, Elías and Janisková, Marta and Keeley, Sarah and Laloyaux, Patrick and Lopez, Philippe and Lupu, Cristina and Radnoti, Gabor and de Rosnay, Patricia and Rozum, Iryna and Vamborg, Freja and Villaume, Sebastien and Thépaut, Jean-Noël},
title = {The ERA5 global reanalysis},
journal = {Quarterly Journal of the Royal Meteorological Society},
volume = {146},
number = {730},
pages = {1999-2049},
keywords = {climate reanalysis, Copernicus Climate Change Service, data assimilation, ERA5, historical observations},
doi = {https://doi.org/10.1002/qj.3803},
url = {https://rmets.onlinelibrary.wiley.com/doi/abs/10.1002/qj.3803},
eprint = {https://rmets.onlinelibrary.wiley.com/doi/pdf/10.1002/qj.3803},
year = {2020}
}

@Article{craig-2017,
AUTHOR = {Craig, A. and Valcke, S. and Coquart, L.},
TITLE = {Development and performance of a new version of the OASIS coupler,
OASIS3-MCT\_3.0},
JOURNAL = {Geoscientific Model Development},
VOLUME = {10},
YEAR = {2017},
NUMBER = {9},
PAGES = {3297--3308},
URL = {https://gmd.copernicus.org/articles/10/3297/2017/},
DOI = {10.5194/gmd-10-3297-2017}
}

@Article{coppola-2021,
AUTHOR = {Coppola, E. and Stocchi, P. and Pichelli, E. and Torres Alavez, J. A. and Glazer, R. and Giuliani, G. and Di Sante, F. and Nogherotto, R. and Giorgi, F.},
TITLE = {Non-Hydrostatic RegCM4 (RegCM4-NH): model description and case studies over multiple domains},
JOURNAL = {Geoscientific Model Development},
VOLUME = {14},
YEAR = {2021},
NUMBER = {12},
PAGES = {7705--7723},
URL = {https://gmd.copernicus.org/articles/14/7705/2021/},
DOI = {10.5194/gmd-14-7705-2021}
}

@Article{gutowski-2016,
AUTHOR = {Gutowski Jr., W. J. and Giorgi, F. and Timbal, B. and Frigon, A. and Jacob, D. and Kang, H.-S. and Raghavan, K. and Lee, B. and Lennard, C. and Nikulin, G. and O'Rourke, E. and Rixen, M. and Solman, S. and Stephenson, T. and Tangang, F.},
TITLE = {WCRP COordinated Regional Downscaling EXperiment (CORDEX): a diagnostic MIP for CMIP6},
JOURNAL = {Geoscientific Model Development},
VOLUME = {9},
YEAR = {2016},
NUMBER = {11},
PAGES = {4087--4095},
URL = {https://gmd.copernicus.org/articles/9/4087/2016/},
DOI = {10.5194/gmd-9-4087-2016}
}

@Article{remedio-2019,
AUTHOR = {Remedio, Armelle Reca and Teichmann, Claas and Buntemeyer, Lars and Sieck, Kevin and Weber, Torsten and Rechid, Diana and Hoffmann, Peter and Nam, Christine and Kotova, Lola and Jacob, Daniela},
TITLE = {Evaluation of New CORDEX Simulations Using an Updated Köppen–Trewartha Climate Classification},
JOURNAL = {Atmosphere},
VOLUME = {10},
YEAR = {2019},
NUMBER = {11},
ARTICLE-NUMBER = {726},
URL = {https://www.mdpi.com/2073-4433/10/11/726},
ISSN = {2073-4433},
DOI = {10.3390/atmos10110726}
}

@Article{wei-2014,
AUTHOR = {Wei, J and Malanotte-Rizzoli, P and Eltahir, E.A.B and Xue, P. and Xu, D.},
TITLE = {Coupling of a regional atmospheric model (RegCM3) and a regional oceanic model (FVCOM) over the maritime continent},
JOURNAL = {Climate Dynamics},
VOLUME = {43},
YEAR = {2014},
ISSUE = {5},
PAGES = {1575--1594},
URL = {https://doi.org/10.1007/s00382-013-1986-3},
DOI = {10.1007/s00382-013-1986-3},
}

@article{perrie-2001,
author = {Perrie, William and Zhang, Yaocun},
title = {A regional climate model coupled to ocean waves: Synoptic to multimonthly simulations},
journal = {Journal of Geophysical Research: Atmospheres},
volume = {106},
number = {D16},
pages = {17753-17771},
doi = {https://doi.org/10.1029/2001JD900207},
url = {https://agupubs.onlinelibrary.wiley.com/doi/abs/10.1029/2001JD900207},
eprint = {https://agupubs.onlinelibrary.wiley.com/doi/pdf/10.1029/2001JD900207},
year = {2001}
}

@Article{mishra-2021,
AUTHOR = {Mishra, A.K. and Dwivedi, S. and Di Sante, F.},
TITLE = {Performance of the RegCM-MITgcm Coupled Regional Model in Simulating the Indian Summer Monsoon Rainfall},
JOURNAL = {Pure and Applied Geophysics},
VOLUME = {178},
YEAR = {2021},
ISSUE = {2},
PAGES = {603--617},
URL = {https://doi.org/10.1007/s00024-020-02648-0},
DOI = {10.1007/s00024-020-02648-0}
}

@Article{disante-2019,
AUTHOR = {Di Sante, F. and Coppola, E. and Farneti, R. and Giorgi, F.},
TITLE = {Indian Summer Monsoon as simulated by the regional earth system model RegCM-ES: the role of local air–sea interaction},
JOURNAL = {Climate Dynamics},
VOLUME = {53},
YEAR = {2019},
ISSUE = {1},
PAGES = {759--778},
URL = {https://doi.org/10.1007/s00382-019-04612-8},
DOI = {10.1007/s00382-019-04612-8}
}

@Article{ratnam-2009,
AUTHOR = {Ratnam, J.V. and Giorgi, F. and Kaginalkar, A. and Cozzini, S.},
TITLE = {Simulation of the Indian monsoon using the RegCM3–ROMS regional coupled model},
JOURNAL = {Climate Dynamics},
VOLUME = {33},
YEAR = {2009},
ISSUE = {1},
PAGES = {119--139},
URL = {https://doi.org/10.1007/s00382-008-0433-3},
DOI = {10.1007/s00382-008-0433-3}
}

@article {sundqvist-1989,
      author = "Hilding  Sundqvist and Erik  Berge and Jón Egill  Kristjánsson",
      title = "Condensation and Cloud Parameterization Studies with a Mesoscale Numerical Weather Prediction Model",
      journal = "Monthly Weather Review",
      year = "1989",
      publisher = "American Meteorological Society",
      address = "Boston MA, USA",
      volume = "117",
      number = "8",
      doi = "10.1175/1520-0493(1989)117<1641:CACPSW>2.0.CO;2",
      pages=      "1641 - 1657",
      url = "https://journals.ametsoc.org/view/journals/mwre/117/8/1520-0493_1989_117_1641_cacpsw_2_0_co_2.xml"
}

@article { xu-1996,
      author = "Kuan-Man  Xu and David A.  Randall",
      title = "A Semiempirical Cloudiness Parameterization for Use in Climate Models",
      journal = "Journal of Atmospheric Sciences",
      year = "1996",
      publisher = "American Meteorological Society",
      address = "Boston MA, USA",
      volume = "53",
      number = "21",
      doi = "10.1175/1520-0469(1996)053<3084:ASCPFU>2.0.CO;2",
      pages=      "3084 - 3102",
      url = "https://journals.ametsoc.org/view/journals/atsc/53/21/1520-0469_1996_053_3084_ascpfu_2_0_co_2.xml"
}

@article {fairall-2003,
      author = "C. W. Fairall and E. F. Bradley and J. E. Hare and A. A. Grachev and J. B. Edson",
      title = "Bulk Parameterization of Air–Sea Fluxes: Updates and Verification for the COARE Algorithm",
      journal = "Journal of Climate",
      year = "2003",
      publisher = "American Meteorological Society",
      address = "Boston MA, USA",
      volume = "16",
      number = "4",
      doi = "10.1175/1520-0442(2003)016<0571:BPOASF>2.0.CO;2",
      pages=      "571 - 591",
      url = "https://journals.ametsoc.org/view/journals/clim/16/4/1520-0442_2003_016_0571_bpoasf_2.0.co_2.xml"
}

@article{zeng-2005,
author = {Zeng, Xubin and Beljaars, Anton},
title = {A prognostic scheme of sea surface skin temperature for modeling and data assimilation},
journal = {Geophysical Research Letters},
volume = {32},
number = {14},
pages = {},
doi = {https://doi.org/10.1029/2005GL023030},
url = {https://agupubs.onlinelibrary.wiley.com/doi/abs/10.1029/2005GL023030},
eprint = {https://agupubs.onlinelibrary.wiley.com/doi/pdf/10.1029/2005GL023030},
year = {2005}
}

@article { randles-2017,
      author = "C. A. Randles and A. M. da Silva and V. Buchard and P. R. Colarco and A. Darmenov and R. Govindaraju and A. Smirnov and B. Holben and R. Ferrare and J. Hair and Y. Shinozuka and C. J. Flynn",
      title = "The MERRA-2 Aerosol Reanalysis, 1980 Onward. Part I: System Description and Data Assimilation Evaluation",
      journal = "Journal of Climate",
      year = "2017",
      publisher = "American Meteorological Society",
      address = "Boston MA, USA",
      volume = "30",
      number = "17",
      doi = "10.1175/JCLI-D-16-0609.1",
      pages=      "6823 - 6850",
      url = "https://journals.ametsoc.org/view/journals/clim/30/17/jcli-d-16-0609.1.xml"
}

@article { buchard-2017,
      author = "V. Buchard and C. A. Randles and A. M. da Silva and A. Darmenov and P. R. Colarco and R. Govindaraju and R. Ferrare and J. Hair and A. J. Beyersdorf and L. D. Ziemba and H. Yu",
      title = "The MERRA-2 Aerosol Reanalysis, 1980 Onward. Part II: Evaluation and Case Studies",
      journal = "Journal of Climate",
      year = "2017",
      publisher = "American Meteorological Society",
      address = "Boston MA, USA",
      volume = "30",
      number = "17",
      doi = "10.1175/JCLI-D-16-0613.1",
      pages=      "6851 - 6872",
      url = "https://journals.ametsoc.org/view/journals/clim/30/17/jcli-d-16-0613.1.xml"
}

@techreport{anthes-1987,
  author = {Anthes, R. A. and Hsie, E. and Kuo, Y.-H.},
  title = {Description of the Penn State/NCAR Mesoscale Model: Version 4 (MM4)},
  year = {1987},
  institution = {NCAR},
  number = {NCAR/TN-282+STR},
  url = {https://n2t.org/ark:/85065/d78s4pbt},
  doi = {10.5065/D64B2Z90}
}

@techreport{grell-1994,
  author = {Grell, G. A. and Dudhia, J. and Stauffer, D.},
  title = {A description of the fifth-generation Penn State/NCAR Mesoscale Model (MM5)},
  year = {1994},
  institution = {NCAR},
  number = {NCAR/TN-398+STR},
  url = {https://n2t.org/ark:/85065/d7b857g2},
  doi = {10.5065/D60Z716}
}

@article{davolio-2020,
author = {Davolio, S. and Malguzzi, P. and Drofa, O. and Mastrangelo, D. and Buzzi, A.},
title = {The Piedmont flood of November 1994: a testbed of forecasting capabilities of the CNR-ISAC meteorological model suite},
journal = {Bulletin of Atmospheric Science and Technology},
volume = {1},
issue = {3},
pages = {263--282},
url = {https://doi.org/10.1007/s42865-020-00015-4},
doi = {10.1007/s42865-020-00015-4},
year = {2020}
}

@article{manning-1891,
author = {Manning, R.},
title = {On the flow of water in open channels and pipes.},
journal = {Transactions of the Institution of Civil Engineers of Ireland},
volume = {XX},
pages = {161--207},
year = {1891}
}

@techreport{brunner-2020,
  author = {Brunner, G. W.},
  title = {HEC-RAS, River Analysis System Hydraulic Reference Manual},
  year = {2020},
  institution = {US ARMY CORPS OF ENGINEERS HYDROLOGIC ENGINEERING CENTER (HEC)},
  number = {CPD-69},
  url = {https://www.hec.usace.army.mil/confluence/rasdocs/ras1dtechref/6.6},
}

@misc{rivdis-1.1,
  author = {Vorosmarty, C. J. and Fekete, B. M. and Tucker, B. A.},
  year = {1998},
  title = {Global River Discharge, 1807-1991, V[ersion]. 1.1 (RivDIS)},
  url = {https://daac.ornl.gov/cgi-bin/dsviewer.pl?ds_id=199},
  doi = {10.3334/ORNLDAAC/199},
  owner = {ORNL DAAC,  Oak Ridge Tennessee, USA},
  timestamp = {1998.05.27}
}

@article{lehner-2008,
author = {Lehner, Bernhard and Verdin, Kristine and Jarvis, Andy},
title = {New Global Hydrography Derived From Spaceborne Elevation Data},
journal = {Eos, Transactions American Geophysical Union},
volume = {89},
number = {10},
pages = {93-94},
doi = {https://doi.org/10.1029/2008EO100001},
url = {https://agupubs.onlinelibrary.wiley.com/doi/abs/10.1029/2008EO100001},
eprint = {https://agupubs.onlinelibrary.wiley.com/doi/pdf/10.1029/2008EO100001},
year = {2008}
}

@misc{hydrosheds-1.1,
  author = {WWF-US},
  year = {2022},
  title = {HydroSHEDS Core Data},
  url = {https://www.hydrosheds.org/hydrosheds-core-downloads},
  owner = {Hydrosheds Project},
  timestamp = {2022.04.01},
  dataversion = {1.1},
  techdoc = {Technical Documentation Version 1.4},
}

@misc{glcc-2.0,
  author = {USGS-EROS},
  year = {2018},
  title = {Global Land Cover Characterization (GLCC)},
  url = {https://www.usgs.gov/centers/eros/science/usgs-eros-archive-land-cover-products-global-land-cover-characterization-glcc},
  doi = {10.5066/F7GB230D},
  owner = {Unites States Geological Survey},
  timestamp = {1994.01.01},
  dataversion = {2.0},
  techdoc = {GlobalLandCoverCharacteristicsDataBaseReadmeVersion2.pdf},
}

